@Comment А вот так оформляется библиография при помощи BibTeX.
/*
@online{db-engines-rating,
  title = {DBMS popularity broken down by database model},
  url = {https://db-engines.com/en/ranking_categories},
  urldate = {24.12.2021},
  language = "english"
}
@online{gnu-gpl,
  title = {Стандартная общественная лицензия GNU (GPL)},
  url = {https://www.gnu.org/licenses/gpl-3.0.html},
  urldate = {24.12.2021},
  language = "russian"
}
@online{postgres-types,
  title = {Типы данных},
  url = {https://www.postgresql.org/docs/14/datatype.html},
  urldate = {24.12.2021},
  language = "russian"
}
@online{oracle-db,
  title = {База данных},
  url = {https://www.oracle.com/ru/database/what-is-database/},
  urldate = {24.12.2021},
  language = "russian"
}
@online{rdbms,
  title = {Реляционная система управления базой данных},
  url = {https://clck.ru/ao9co},
  urldate = {24.12.2021},
  language = "russian"
}

Система управления реляционной базой данных

@online{ansi-sql,
  title = {ANSI SQL},
	url = {https://docs.oracle.com/cd/B12037_01/server.101/b10759/ap_standard_sql001.htm},
  urldate = {25.12.2021},
  language = "english"
}
@online{iso-sql,
	title="ISO/IEC 9075-1:2016",
  url = {https://www.iso.org/obp/ui/#iso:std:iso-iec:9075:-1:ed-5:v1:en},
  urldate = {25.12.2021},
  language = "english"
}
@online{postgresql-standard,
	title="PostgresSQL Conformance",
	url = {https://www.postgresql.org/docs/current/features.html},
  urldate = {21.01.2021},
  language = "english"
}
@online{mysql-standard,
	title="MySQL Standards Compliance",
	url = {https://dev.mysql.com/doc/refman/8.0/en/compatibility.html},
  urldate = {21.01.2021},
  language = "english"
}
@online{sql-rating,
	title="DB-Engines Ranking of Relational DBMS",
	url = {https://db-engines.com/en/ranking/relational+dbms},
  urldate = {25.12.2021},
  language = "english"
}
некоторых статей \cite{rdbms-standard-diff}, \cite{cmp-postgresql-mysql}.
@online{rdbms-standard-diff,
	title="Comparison of different SQL implementations",
	url = {https://troels.arvin.dk/db/rdbms/},
  urldate = {26.12.2021},
  language = "english"
}
@online{cmp-postgresql-mysql,
	title="PostgreSQL VS MySQL - What Are The Main Differences",
	url = {https://www.softwaretestinghelp.com/postgresql-vs-mysql/},
  urldate = {26.12.2021},
  language = "english"
}
